% this is the bibliography file

@book{5g-what-will-be,
  author = 	 {J. G. Andrews et al.},
  title = 	 {What Will 5G Be?},
  publisher = {IEEE Journal on Selected Areas in
Communications, vol. 32, no. 6, pp. 1065-1082},
  year = 	 {2014},
}

@book{beamforming-doa,
  author = 	 {V. Krishnaveni, T. Kesavamurthy, B. Aparna},
  title = 	 {Beamforming for Direction-of-Arrival (DOA)
  Estimation-A Survey},
  publisher = {International Journal of Computer Applications (0975 – 8887)
  Volume 61– No.11},
  month = 	 {Ianuarie},
  year = 	 {2013},
  annote = 	 {}
}

@book{subspace-performance,
  author = 	 {Constantine A. Balanis, Panayiotis I. Ioannides},
  title = 	 {Introduction to Smart Antennas},
  publisher = {Morgan \& Claypool Publishers},
  year = 	 {2007},
  annote = 	 {}
}

@book{doa-smart-antenna,
  author = 	 {Dhusar Kumar Mondal},
  title = 	 {Studies of Different Direction of Arrival (DOA) Estimation
  Algorithm for Smart Antenna in Wireless Communication
  },
  publisher = {IJECT Vol. 4, Issue SPL - 1},
  month = 	 {Iunie - Martie},
  year = 	 {2013},
  annote = 	 {}
}

@book{sdr-def,
  author = 	 {SDR Forum},
  title = 	 {SDRF Cognitive Radio Definitions},
  publisher = {SDRF-06-R-0011-V1.0.0},
  month = 	 {Noiembrie},
  year = 	 {2007},
  annote = 	 {}
}

@book{arslan2007cognitive,
  title={Cognitive radio, software defined radio, and adaptive wireless systems},
  author={Arslan, H{\"u}seyin},
  volume={10},
  year={2007},
  publisher={Springer}
}

@misc{us-cancer-institute,
  title={What has research shown about the possible cancer-causing effects of
  radiofrequency energy?},
  author={United States National Cancer Institute},
  howpublished={\url{https://www.cancer.gov/about-cancer/causes-prevention/risk/radiation/cell-phones-fact-sheet#q4}},
  note={Accesat pe 11-06-2017} 
}

@book{wireless-brain-cancer,
  author={Repacholi MH and Lerchl A and Röösli M and Sienkiewicz Z and Auvinen A and Breckenkamp
  J and d'Inzeo G and Elliott P and Frei P and Heinrich S and Lagroye I and Lahkola A and McCormick
  DL and Thomas S and Vecchia P},
  title={Systematic review of wireless phone use and brain cancer and other head
  tumors},
  publisher = {Bioelectromagnetics (Systematic review). 33 (3): 187–206},
  year = 	 {2012},
  annote = 	 {}
}

@misc{who,
  title={Electromagnetic fields and public health: mobile phones},
  author={World Health Organization},
  howpublished={\url{http://www.who.int/mediacentre/factsheets/fs193/en/}},
  month={Octombrie},
  year={2014}
}

@misc{france-health,
  author = 	 {l'Agence Française de Sécurité Sanitaire Environnementale},
  title = 	 {Radiofréquences : actualisation de l'expertise (2009)},
  howpublished = {\url{http://www.afsset.fr/index.php?pageid=712&parentid=424}},
  month = 	 {Aprilie},
  year = 	 {2005},
}

@misc{gnuradio,
  title={{GNU Radio Framework}},
  howpublished={\url{https://www.gnuradio.org/}},
  note={Accesat pe 11-06-2017}
}

@book{fpga-visual,
  title={Energy-Efficient Computation of L1 and L2 Normson a FPGA SIMD 
  Accelerator, with Applications to Visual Search
  },
  author={C. Bira and R. Hobincu and L. Petrica and V. Codreanu and
  S. Cotofana},
  publisher={Advances in Information Science and Applications - Volume II}
}

@misc{nokia-mimo,
  title={Nokia, Sprint show a massive {MIMO} antenna to boost cell service},
  howpublished={\url{http://www.pcworld.com/article/3174355/mobile/nokia-sprint-show-a-massive-mimo-antenna-to-boost-cell-service.html}},
  note={Accesat pe 11-06-2017}
}

@misc{ericsson-mimo,
  title={Massive {MIMO} Explained},
  howpublished={\url{https://goo.gl/p6Jgx4}},
  note={Accesat pe 11-06-2017}
}

@book{arma,
  author={Conrad Sanderson and Ryan Curtin},
  title={Armadillo: a template-based C++ library for linear algebra.},
  publisher={Journal of Open Source Software, Vol. 1, pp. 26},
  year={2016}
}

@article{blas,
  title={An updated set of basic linear algebra subprograms ({BLAS})},
  author={Blackford, L Susan and Petitet, Antoine and Pozo, Roldan and Remington, Karin and Whaley, R Clint and Demmel, James and Dongarra, Jack and Duff, Iain and Hammarling, Sven and Henry, Greg and others},
  journal={ACM Transactions on Mathematical Software},
  volume={28},
  number={2},
  pages={135--151},
  year={2002}
}

@book{lapack,
  AUTHOR = {Anderson, E. and Bai, Z. and Bischof, C. and
            Blackford, S. and Demmel, J. and Dongarra, J. and
            Du Croz, J. and Greenbaum, A. and Hammarling, S. and
            McKenney, A. and Sorensen, D.},
  TITLE = {{LAPACK} Users' Guide},
  EDITION = {Third},
  PUBLISHER = {Society for Industrial and Applied Mathematics},
  YEAR = {1999},
  ADDRESS = {Philadelphia, PA},
  ISBN = {0-89871-447-8 (paperback)} }

@article{swig,
  title={Tcl and {SWIG} as a {C/C++} Development Tool},
  author={Beazley, David M},
  journal={Department of Computer Science, University of Chicago},
  year={1998}
}

@inproceedings{perf,
  title={Linux perf\_event features and overhead},
  author={Weaver, Vincent M},
  booktitle={The 2nd International Workshop on Performance Analysis of Workload Optimized Systems, FastPath},
  volume={13},
  year={2013}
}

@inproceedings{valgrind,
  title={Valgrind: a framework for heavyweight dynamic binary instrumentation},
  author={Nethercote, Nicholas and Seward, Julian},
  booktitle={ACM Sigplan notices},
  volume={42},
  number={6},
  pages={89--100},
  year={2007},
  organization={ACM}
}

@misc{perf-doc,
  title={Perf Tools Documentation},
  howpublished={\url{https://perf.wiki.kernel.org/index.php/Tutorial}},
  note={Accesat pe 11-06-2017}
}

@book{gnu-octave,
  title={{GNU} octave},
  author={Eaton, John Wesley and Bateman, David and Hauberg, S{\o}ren},
  year={1997},
  publisher={Network thoery London}
}

@book{energy-effective-simd,
  author={Bira C. and Gugu L. and Hobincu R. and Petrica L. and Codreanu V. and
  Cotofana S.},
  title={An Energy Effective SIMD Accelerator for Visual Pattern Matching},
  publisher={4th International Symposium on Highly Efficient Accelerators and Reconfigurable Technologies},
  year={2013}
}

@book{zynq,
  author={Santarini M.},
  title={Zynq-7000 EPP sets stage for new era of innovations}, 
  publisher={Xcell Journal, 75:8–13}, 
  year={2011}
}

@book{intel-sse-avx,
  author={Firasta N. and Buxton M. and Jinbo P. and Nasri K. and Kuo S.}, 
  title={Intel avx: New frontiers in performance improvements and energy
  efficiency}, 
  publisher={Intel white paper}, 
  year={2008}
}

@misc{arm-neon,
  title={Procesorul {ARM} {Cortex-A9}},
  howpublished={\url{https://www.arm.com/products/processors/cortex-a/cortex-a9.php}},
  note={Accesat pe 11-06-2017}
}

@inproceedings{nvidia-cuda,
  title={NVIDIA CUDA software and GPU parallel computing architecture},
  author={Kirk, David and others},
  booktitle={ISMM},
  volume={7},
  pages={103--104},
  year={2007}
}

@article{opencl,
  title={OpenCL: A parallel programming standard for heterogeneous computing systems},
  author={Stone, John E and Gohara, David and Shi, Guochun},
  journal={Computing in science \& engineering},
  volume={12},
  number={3},
  pages={66--73},
  year={2010},
  publisher={IEEE}
}

@article{opincaa,
  title={OPINCAA: A Light-Weight and Flexible Programming Environment For Parallel SIMD Accelerators},
  author={B{\^\i}r{\u{a}}, C{\u{a}}lin and Petric{\u{a}}, Lucian and Hobincu, Radu},
  journal={Science and Technology},
  volume={16},
  number={4},
  pages={336--350},
  year={2013}
}

@inproceedings{stefan2006ca1024,
  title={The ca1024: A massively parallel processor for cost-effective hdtv},
  author={Stefan, Gheorghe},
  booktitle={Spring Processor Forum: Power-Efficient Design},
  pages={15--17},
  year={2006}
}

@article{blas-level1,
  title={Basic linear algebra subprograms for Fortran usage},
  author={Lawson, Chuck L and Hanson, Richard J. and Kincaid, David R and Krogh, Fred T.},
  journal={ACM Transactions on Mathematical Software (TOMS)},
  volume={5},
  number={3},
  pages={308--323},
  year={1979},
  publisher={ACM}
}

@article{blas-level2,
  title={An extended set of fortran basic linear algebra subprograms},
  author={Hammarling, S and Dongarra, J and Du Croz, J and Hanson, R},
  journal={ACM Transactions on Mathematical Software},
  volume={14},
  number={1},
  pages={1--32},
  year={1988}
}

@article{blas-level3,
  title={A set of level 3 basic linear algebra subprograms},
  author={Dongarra, Jack J and Du Croz, Jeremy and Hammarling, Sven and Duff, Iain S},
  journal={ACM Transactions on Mathematical Software (TOMS)},
  volume={16},
  number={1},
  pages={1--17},
  year={1990},
  publisher={ACM}
}

@misc{openblas,
  title={Biblioteca {OpenBLAS}},
  howpublished={\url{http://www.openblas.net/}},
  note={Accesat pe 11-06-2017}
}

@misc{openblas-repo,
  title={Repository OpenBLAS},
  howpublished={\url{https://github.com/xianyi/OpenBLAS/tree/develop/kernel/x86_64}},
  note={Accesat pe 11-06-2017},
  annote={Se observă că în \textit{repository} apar implementări ale unor
  înmulțiri de matrice în funcție de dimensiunea lor.}
}

@misc{fft-fig,
  title={Exemplu de vizualizare a spectrului unui semnal în {GNU} {R}adio},
  howpublished={\url{http://www.stargazing.net/david/gnuradio/rtlfmstations.html}},
  note={Accesat pe 11-06-2017}
}

@article{flamegraph,
  title={The flame graph},
  author={Gregg, Brendan},
  journal={Communications of the ACM},
  volume={59},
  number={6},
  pages={48--57},
  year={2016},
  publisher={ACM}
}
@article{mitola-sdr,
  title={Software radios: Survey, critical evaluation and future directions},
  author={Mitola, Joseph},
  journal={IEEE Aerospace and Electronic Systems Magazine},
  volume={8},
  number={4},
  pages={25--36},
  year={1993},
  publisher={IEEE}
}

@phdthesis{doa-1996,
  title={Direction of arrival estimation using antenna arrays},
  author={Muhamed, Rias},
  year={1996},
  school={Virginia Tech}
}

@article{music-schmidt,
  title={Multiple emitter location and signal parameter estimation},
  author={Schmidt, Ralph},
  journal={IEEE transactions on antennas and propagation},
  volume={34},
  number={3},
  pages={276--280},
  year={1986},
  publisher={IEEE}
}

@book{gol-matrix,
  title={Matrix computations},
  author={Golub, Gene H and Van Loan, Charles F},
  volume={3},
  year={2012},
  publisher={JHU Press}
}

@misc{gnuradio-scheduler,
  title={Scheduler {GNU} {R}adio},
  howpublished={\url{http://www.trondeau.com/blog/2013/9/15/explaining-the-gnu-radio-scheduler.html}},
  note={Accesat pe 11-06-2017}
}

@misc{ettus-doa,
  title={Phase Synchronization Capability of {TwinRX} {D}aughterboards and {DoA} Estimation},
  author={Ettus Research},
  howpublished={\url{https://github.com/EttusResearch/gr-doa/wiki}},
  note={Accesat pe 11-06-2017},
  annote={Un whitepaper pentru acest proiect este disponibil în repository-ul
  GitHub.}
}

@book{fb-averaging,
  title={Optimum array processing: Part IV of detection, estimation and modulation theory},
  author={Van Trees, Harry L},
  volume={1},
  year={2002},
  publisher={Wiley Online Library}
}

@misc{gtest,
  title={Google Test Framework},
  howpublished={\url{https://github.com/google/googletest/blob/master/googletest/docs/Primer.md}},
  note={Accesat pe 11-06-2017}
}

@article{wang2015two,
  title={Two-dimension direction-of-arrival estimation for massive MIMO systems},
  author={Wang, Ting and Ai, Bo and He, Ruisi and Zhong, Zhangdui},
  journal={IEEE Access},
  volume={3},
  pages={2122--2128},
  year={2015},
  publisher={IEEE}
}

@article{lorincz2012measurements,
  title={Measurements and modelling of base station power consumption under real traffic loads},
  author={Lorincz, Josip and Garma, Tonko and Petrovic, Goran},
  journal={Sensors},
  volume={12},
  number={4},
  pages={4281--4310},
  year={2012},
  publisher={Molecular Diversity Preservation International}
}

@inproceedings{oumar2012comparison,
  title={Comparison between MUSIC and ESPRIT direction of arrival estimation algorithms for wireless communication systems},
  author={Oumar, Ousmane Abdoulaye and Siyau, Ming Fei and Sattar, Tariq P},
  booktitle={Future Generation Communication Technology (FGCT), 2012 International Conference on},
  pages={99--103},
  year={2012},
  organization={IEEE}
}
